%% This BibTeX bibliography file was created using BibDesk.
%% http://bibdesk.sourceforge.net/


%% Created for Tapani at 2015-07-29 23:26:01 +0300 


%% Saved with string encoding Western (ISO Latin 1) 



@article{Pulkki1997:VBAPbase,
	Author = {Ville Pulkki},
	Date-Added = {2011-02-10 17:49:01 +0200},
	Date-Modified = {2011-02-10 17:49:01 +0200},
	Journal = {Journal of Audio Engineering Society},
	Month = {June},
	Number = {6},
	Pages = {456-466},
	Title = {Virtual Sound Source Positioning Using Vector Base Amplitude Panning},
	Volume = {45},
	Year = {1997}}

@article{Pulkki2007:DirAC_JAES,
	Author = {Ville Pulkki},
	Date-Added = {2011-02-04 12:22:24 +0200},
	Date-Modified = {2011-02-04 12:22:24 +0200},
	Journal = {Journal of Audio Engineering Society},
	Month = {June},
	Number = {6},
	Pages = {503-516},
	Title = {Spatial Sound Reproduction with Directional Audio Coding},
	Volume = {55},
	Year = {2007}}

@comment{BibDesk Static Groups{
<?xml version="1.0" encoding="UTF-8"?>
<!DOCTYPE plist PUBLIC "-//Apple//DTD PLIST 1.0//EN" "http://www.apple.com/DTDs/PropertyList-1.0.dtd">
<plist version="1.0">
<array>
	<dict>
		<key>group name</key>
		<string>Not yet</string>
		<key>keys</key>
		<string></string>
	</dict>
</array>
</plist>
}}
